
@article{wu2020,
	title = {In-Plane Zeeman-Field-Induced Majorana Corner and Hinge Modes in an s -Wave Superconductor Heterostructure},
	volume = {124},
	issn = {0031-9007, 1079-7114},
	url = {https://link.aps.org/doi/10.1103/PhysRevLett.124.227001},
	doi = {10.1103/PhysRevLett.124.227001},
	pages = {227001},
	number = {22},
	journaltitle = {Physical Review Letters},
	shortjournal = {Phys. Rev. Lett.},
	author = {Wu, Ya-Jie and Hou, Junpeng and Li, Yun-Mei and Luo, Xi-Wang and Shi, Xiaoyan and Zhang, Chuanwei},
}


@article{yan_majorana_2018,
	title = {Majorana Corner Modes in a High-Temperature Platform},
	volume = {121},
	issn = {0031-9007, 1079-7114},
	url = {https://link.aps.org/doi/10.1103/PhysRevLett.121.096803},
	doi = {10.1103/PhysRevLett.121.096803},
	pages = {096803},
	number = {9},
	journaltitle = {Physical Review Letters},
	shortjournal = {Phys. Rev. Lett.},
	author = {Yan, Zhongbo and Song, Fei and Wang, Zhong},
	urldate = {2022-03-16},
	date = {2018-08-30},
	langid = {english},
	file = {supplemental_CMKP.pdf:/Users/yxli/Library/CloudStorage/OneDrive-华南师范大学/Zotero/storage/TM9QKTUU/supplemental_CMKP.pdf:application/pdf;Yan 等。 - 2018 - Majorana Corner Modes in a High-Temperature Platfo.pdf:/Users/yxli/Library/CloudStorage/OneDrive-华南师范大学/Zotero/storage/ZIIZVZL5/Yan 等。 - 2018 - Majorana Corner Modes in a High-Temperature Platfo.pdf:application/pdf},
}


@article{zhang_kitaev_2020,
	title = {Kitaev Building-block Construction for Higher-order Topological Superconductors},
	url = {http://arxiv.org/abs/2003.02559},
	journaltitle = {{arXiv}:2003.02559 [cond-mat]},
	author = {Zhang, Rui-Xing and Sau, Jay D. and Sarma, S. Das},
}



@misc{zhang_bulk-vortex_2022,
	title = {Bulk-Vortex Correspondence of Higher-Order Topological Superconductors},
	url = {http://arxiv.org/abs/2208.01652},
	publisher = {{arXiv}},
	author = {Zhang, Rui-Xing},
}


@article{mercado_high-temperature_2022,
	title = {High-Temperature Majorana Zero Modes},
	volume = {128},
	issn = {0031-9007, 1079-7114},
	url = {https://link.aps.org/doi/10.1103/PhysRevLett.128.137002},
	doi = {10.1103/PhysRevLett.128.137002},
	pages = {137002},
	number = {13},
	journaltitle = {Physical Review Letters},
	shortjournal = {Phys. Rev. Lett.},
	author = {Mercado, Alejandro and Sahoo, Sharmistha and Franz, M.},
}



@article{can_high-temperature_2021,
	title = {High-temperature topological superconductivity in twisted double-layer copper oxides},
	volume = {17},
	issn = {1745-2473, 1745-2481},
	url = {http://www.nature.com/articles/s41567-020-01142-7},
	doi = {10.1038/s41567-020-01142-7},
	pages = {519--524},
	number = {4},
	journaltitle = {Nature Physics},
	shortjournal = {Nat. Phys.},
	author = {Can, Oguzhan and Tummuru, Tarun and Day, Ryan P. and Elfimov, Ilya and Damascelli, Andrea and Franz, Marcel},
	}




@article{can_probing_2021,
	title = {Probing Time Reversal Symmetry Breaking Topological Superconductivity in Twisted Double Layer Copper Oxides with Polar Kerr Effect},
	volume = {127},
	issn = {0031-9007, 1079-7114},
	url = {https://link.aps.org/doi/10.1103/PhysRevLett.127.157001},
	doi = {10.1103/PhysRevLett.127.157001},
	pages = {157001},
	number = {15},
	journaltitle = {Physical Review Letters},
	shortjournal = {Phys. Rev. Lett.},
	author = {Can, Oguzhan and Zhang, Xiao-Xiao and Kallin, Catherine and Franz, Marcel},
	
}


@article{wang_high-temperature_2018,
	title = {High-Temperature Majorana Corner States},
	volume = {121},
	issn = {0031-9007, 1079-7114},
	url = {https://link.aps.org/doi/10.1103/PhysRevLett.121.186801},
	doi = {10.1103/PhysRevLett.121.186801},
	pages = {186801},
	number = {18},
	journaltitle = {Physical Review Letters},
	shortjournal = {Phys. Rev. Lett.},
	author = {Wang, Qiyue and Liu, Cheng-Cheng and Lu, Yuan-Ming and Zhang, Fan},
}



@article{zhu_second-order_2019,
	title = {Second-Order Topological Superconductors with Mixed Pairing},
	volume = {122},
	issn = {0031-9007, 1079-7114},
	url = {https://link.aps.org/doi/10.1103/PhysRevLett.122.236401},
	doi = {10.1103/PhysRevLett.122.236401},
	pages = {236401},
	number = {23},
	journaltitle = {Physical Review Letters},
	shortjournal = {Phys. Rev. Lett.},
	author = {Zhu, Xiaoyu},
}















